@misc{rfc9110,
    series =    {Request for Comments},
    number =    9110,
    howpublished =  {RFC 9110},
    publisher = {RFC Editor},
    author =    {Roy T. Fielding and Mark Nottingham and Julian Reschke},
    title =     {{HTTP Semantics}},
    pagetotal = 194,
    year =      2022,
    month =     jun,
}

@misc{rfc2616,
    series =    {Request for Comments},
    number =    2616,
    howpublished =  {RFC 2616},
    publisher = {RFC Editor},
    author =    {Henrik Nielsen and Jeffrey Mogul and Larry M Masinter and Roy T. Fielding and Jim Gettys and Paul J. Leach and Tim Berners-Lee},
    title =     {{Hypertext Transfer Protocol -- HTTP/1.1}},
    pagetotal = 176,
    year =      1999,
    month =     jun,
}

@book{pool,
author = {Garg, Rajat P. and Sharapov, Illya},
title = {Techniques for Optimizing Applications: High Performance Computing},
year = {2001},
publisher = {Prentice Hall PTR},
address = {USA},
}

@article{pool2,
author = {Ling, Yibei and Mullen, Tracy and Lin, Xiaola},
title = {Analysis of optimal thread pool size},
year = {2000},
publisher = {Association for Computing Machinery},
address = {New York, NY, USA},
volume = {34},
number = {2},
journal = {SIGOPS Oper. Syst. Rev.},
month = apr,
pages = {42–55},
numpages = {14}
}

@inbook{tlpi, place={San Francisco, CA}, title={Alternative I/O models}, booktitle={The linux programming interface a linux und unix system programming handbook Michael Kerrisk}, publisher={No Starch Press}, author={Kerrisk, Michael}, year={2018}, pages={1325–1340}}

@online{M2,
title={Apple M2},
url="https://www.notebookcheck.net/Apple-M2-Processor-Benchmarks-and-Specs.632312.0.html",
urldate = {2024-12-17}
}

@online{nginx,
title = "nginx",
url="https://nginx.org/en/",
urldate = {2024-12-17}
}

@online{ab,
title = "ab - Apache HTTP server benchmarking tool",
url="https://httpd.apache.org/docs/2.4/programs/ab.html",
urldate = {2024-12-17}
}
